<?xml version="1.0" encoding="UTF-8"?><collection><record><leader>07734ntm a2200709 a 4500</leader><controlfield tag="001">006835205</controlfield><controlfield tag="003">MiAaHDL</controlfield><controlfield tag="005">20190719000000.0</controlfield><controlfield tag="006">m        d        </controlfield><controlfield tag="007">cr bn ---auaua</controlfield><controlfield tag="008">090707q16uu17uuxx            00| ||ara d</controlfield><datafield tag="035" ind1=" " ind2=" "><subfield code="a">(MiU)006835205</subfield></datafield><datafield tag="035" ind1=" " ind2=" "><subfield code="a">sdr-miu006835205</subfield></datafield><datafield tag="040" ind1=" " ind2=" "><subfield code="a">MiU</subfield><subfield code="c">MiU</subfield><subfield code="e">amremm</subfield></datafield><datafield tag="043" ind1=" " ind2=" "><subfield code="a">n-us-mi</subfield></datafield><datafield tag="100" ind1="0" ind2=" "><subfield code="6">880-01</subfield><subfield code="a">Ghazzālī,</subfield><subfield code="d">1058-1111.</subfield></datafield><datafield tag="245" ind1="1" ind2="3"><subfield code="6">880-03</subfield><subfield code="a">[al-Risālah al-qudsīyah fī al-ʻaqāʼid ... etc.,</subfield><subfield code="f">17th or 18th century].</subfield></datafield><datafield tag="246" ind1="3" ind2=" "><subfield code="6">880-05</subfield><subfield code="a">Qawāʻid al-ʻaqāʼid</subfield></datafield><datafield tag="246" ind1="3" ind2="8"><subfield code="a">كتاب التصوف والرسالة القدسية في العقايد</subfield></datafield><datafield tag="260" ind1=" " ind2=" "><subfield code="c">[16-- or 17--].</subfield></datafield><datafield tag="300" ind1=" " ind2=" "><subfield code="a">50 leaves :</subfield><subfield code="b">paper ;</subfield><subfield code="c">210 x 125 (140 x 65) mm.</subfield></datafield><datafield tag="500" ind1=" " ind2=" "><subfield code="a">Shelfmark: Ann Arbor, University of Michigan, Special Collections Library, Isl. Ms. 1032</subfield></datafield><datafield tag="500" ind1=" " ind2=" "><subfield code="a">Origin: Lacks dated colophon ; paper, etc. would suggest mid to late 17th or 18th century. Dated ownership statement on back flyleaf (p.103) provides a terminus ante quem of 1778.</subfield></datafield><datafield tag="500" ind1=" " ind2=" "><subfield code="a">Former shelfmark: Mich. Isl. Ms. temp. no. 181</subfield></datafield><datafield tag="500" ind1=" " ind2=" "><subfield code="a">Binding: Pasteboards covered in dark red brown leather ; Type III binding (without flap) ; board linings in yellow-tinted laid paper ; lower cover carries tooled border and central rule ; sewn in heavy cream thread, two stations ; paper label on spine describes contents "كتاب في التصوف لحجة الاسلام ... والرسالة القدسية في العققايد [اي العقايد]" ; overall in quite poor condition with upper cover entirely lost, abrasion, staining, etc. ; repairs to spine in small pieces of striped textile at head and tail ; housed in carboard portfolio case for protection.</subfield></datafield><datafield tag="500" ind1=" " ind2=" "><subfield code="a">Support: European laid paper mainly with 8 laid lines per cm. (vertical), chain lines spaced 25 mm. apart (horizontal), and watermarks of three stylized hats (tre cappelli, see p.32-33, 93-95, etc.) and "VG" (see p.36, 76-77, 84, etc.), dense and sturdy though not especially thick, crisp and transluscent, well-burnished, some leaves tinted light brown or buff ; flyleaves and opening</subfield></datafield><datafield tag="500" ind1=" " ind2=" "><subfield code="a">Decoration: Keywords and section headings rubricated (mainly opening work).</subfield></datafield><datafield tag="500" ind1=" " ind2=" "><subfield code="a">Script: Naskh ; neat, carefully executed Ottoman hand in a medium line ; mainly serifless with effect of tilt to the left, rounded with curvilinear descenders, pointing (for two and three dots) in strokes rather than distinct dots, open and closed counters, some sweeping descenders, final yāʼ usually unpointed.</subfield></datafield><datafield tag="500" ind1=" " ind2=" "><subfield code="a">Layout: Written in 21 lines per page ; frame-ruled.</subfield></datafield><datafield tag="500" ind1=" " ind2=" "><subfield code="a">Collation: i, 2 V(20), V+2 (32), V (42), IV (50), i ; almost exclusively quinions ; catchwords present ; pagination in pencil, Western numerals, supplied during digitization (includes flyleaves).</subfield></datafield><datafield tag="500" ind1=" " ind2=" "><subfield code="a">Incipit: [Risālah fī taḥqīq kalimat al-tawḥīd] "الحمد لله رب العالمين وصلى الله على سيدنا محمد واله اجمعين رب تمم بالخير قال الشيخ جمال الاسلام احمد بن محمد بن محمد الغزالي رضي الله عنه جاء في الحديث الصحيح والنقل الصريح الوارد عن سيد البشر محمد المصطفى صلى الله عليه وسلامه انه قال اخبارا عن الله تعالى كلمة التوحيد لا اله الا الله حصني فمن دخل حصني امن من عذابي ..." ; [Risālah fī ʻilm al-nafs] "الحمد لله الذي لا يخيب من بابه امل ولا يحرم عن جنابه عامل ... اما بعد فهذه رسالة حرر في علم النفس وجعلتها ثلاثة فصول ..." ; [al-Tadhkirah] "الحمد لله رب العالمين والعاقبة للمتقين والصلوة على نبيه محمد واله اجمعين اما بعد فهذا مختصر رتبته على قسمين احدهما في اصول الكلام على طريق اهل السنة والجماعة وهم اصحاب امامنا العلامة ابي الحسن الاشعري رحمه الله وثانيها في علم الاصول الفقه وسميته بالتذكرة مستعينا بالله باتمامه ..." ; [al-Risālah al-qudsīyah fī al-ʻaqāʼid] "الحمد لله الذي ميز عصابة السنة بانوار اليقين وآثر رهط الحق بالهداية الى دعائم الدين ..."</subfield></datafield><datafield tag="500" ind1=" " ind2=" "><subfield code="a">Title supplied by cataloguer from 'title page' for final work on p.73 and spine label.</subfield></datafield><datafield tag="500" ind1=" " ind2=" "><subfield code="a">Ms. codex.</subfield></datafield><datafield tag="505" ind1="0" ind2=" "><subfield code="a">4. p.73-p.101 : al-Risālah al-qudsīyah fī al-ʻaqāʼid / al-Ghazālī.</subfield></datafield><datafield tag="505" ind1="0" ind2=" "><subfield code="a">3. p.62-p.73 : al-Tadhkirah.</subfield></datafield><datafield tag="505" ind1="0" ind2=" "><subfield code="a">2. p.49-p.61 : [Risālah fī ʻilm al-nafs] / Jalāl al-Dīn Muḥammad ibn Asʻad al-Dawwānī.</subfield></datafield><datafield tag="505" ind1="0" ind2=" "><subfield code="a">1. p.4-p.48 : [Risālah fī taḥqīq kalimat al-tawḥīd] / al-Ghazālī.</subfield></datafield><datafield tag="510" ind1="4" ind2=" "><subfield code="a">Āghā Buzurg al-Ṭihrānī. al-Dharīʻah ilá taṣānīf al-Shīʻah,</subfield><subfield code="c">no.2084, v.15</subfield></datafield><datafield tag="510" ind1="4" ind2=" "><subfield code="a">Brockelmann, C. GAL,</subfield><subfield code="c">II 217 no.73 ; S II 307</subfield></datafield><datafield tag="510" ind1="4" ind2=" "><subfield code="a">Brockelmann, C. GAL,</subfield><subfield code="c">I 419 ff. ; S I 744 ff.</subfield></datafield><datafield tag="520" ind1="8" ind2=" "><subfield code="a">Fine copy of al-Ghazālī's (d.1111) work on the articles of faith taken from his Iḥyāʼ ʻulūm al-dīn, preceded by a work on the unity of God (also attributed to him), a work on ʻilm al-nafs of Jalāl al-Dīn Muḥammad ibn Asʻad al-Dawānī (d.1502 or 3) and an anonymous work on fiqh.</subfield></datafield><datafield tag="538" ind1=" " ind2=" "><subfield code="a">Mode of access: Internet.</subfield></datafield><datafield tag="541" ind1=" " ind2=" "><subfield code="c">Purchase ;</subfield><subfield code="a">Purchased in Egypt by Mr. Sulaiman ;</subfield><subfield code="d">Received: 1968 ;</subfield><subfield code="e">(Sulaiman 690713-156)</subfield></datafield><datafield tag="546" ind1=" " ind2=" "><subfield code="a">Arabic.</subfield></datafield><datafield tag="561" ind1=" " ind2=" "><subfield code="a">Statements on front flyleaf (p.1) dated 1 Jumādá I 1200 [ca. 2 March 1786] dated 1 Rabīʻ I 1205 [November 1790], notes and excerpts including list of commentaries on front flyleaf (pp.1-2) and 'title page' (p.3) ; ownership statement on back flyleaf (p.103) in name of Muḥammad Amīn ibn Munlā Walī al-Ḥanafī al-Māturīdī al-Qādirī (محمد امين بن منلا ولى الحنفى الماتريدى القادرى / Mehmet Emin bin Munla Veli) dated 1192 [1778] accompanied by partially effaced oval seal impression ; on back flyleaf (p.104) death notice dated 27 Dhū al-Ḥijjah 1200 [October 1786] for a son Muḥammad (Mehmet / محمد ) aged 14 months ; occasional marginal corrections and collation marks (بلغ) ; UM Library inscription "Spec. Coll. Lib. 690713-156 Sulaiman 1968" on back flyleaf (p.104).</subfield></datafield><datafield tag="650" ind1=" " ind2="0"><subfield code="a">Manuscripts, Arabic</subfield><subfield code="z">Michigan</subfield><subfield code="z">Ann Arbor.</subfield></datafield><datafield tag="650" ind1=" " ind2="0"><subfield code="a">Islamic law</subfield><subfield code="x">Interpretation and construction</subfield><subfield code="v">Early works to 1800.</subfield></datafield><datafield tag="650" ind1=" " ind2="0"><subfield code="a">Sufism</subfield><subfield code="v">Early works to 1800.</subfield></datafield><datafield tag="650" ind1=" " ind2="0"><subfield code="a">Islam</subfield><subfield code="x">Doctrines</subfield><subfield code="v">Early works to 1800.</subfield></datafield><datafield tag="700" ind1="0" ind2=" "><subfield code="6">880-11</subfield><subfield code="a">Mehmet Emin bin Munla Veli,</subfield><subfield code="d">fl. 1778,</subfield><subfield code="e">former owner.</subfield></datafield><datafield tag="700" ind1="1" ind2="2"><subfield code="6">880-08</subfield><subfield code="a">Dawwānī, Muḥammad ibn Asʻad,</subfield><subfield code="d">1426 or 1427-1512 or 1513.</subfield><subfield code="t">Risālah fī ʻilm al-nafs.</subfield></datafield><datafield tag="700" ind1="0" ind2="2"><subfield code="6">880-07</subfield><subfield code="a">Ghazzālī,</subfield><subfield code="d">1058-1111.</subfield><subfield code="t">Risālah fī taḥqīq kalimat al-tawḥīd.</subfield></datafield><datafield tag="740" ind1="0" ind2="2"><subfield code="6">880-09</subfield><subfield code="a">Tadhkirah</subfield></datafield><datafield tag="740" ind1="0" ind2="2"><subfield code="a">هذه كتاب من العقايد</subfield></datafield><datafield tag="773" ind1="0" ind2=" "><subfield code="a">Sulaiman Purchase Collection.</subfield></datafield><datafield tag="880" ind1="0" ind2=" "><subfield code="6">700-11/</subfield><subfield code="a">محمد امين بن منلا ولى,</subfield><subfield code="e">مالك سابق.</subfield></datafield><datafield tag="880" ind1="0" ind2="2"><subfield code="6">740-09/</subfield><subfield code="a">تذكرة</subfield></datafield><datafield tag="880" ind1="0" ind2="2"><subfield code="6">700-08/</subfield><subfield code="a">دواني، محمد بن اسعد.</subfield><subfield code="t">رسالة في علم النفس.</subfield></datafield><datafield tag="880" ind1="0" ind2="2"><subfield code="6">700-07/</subfield><subfield code="a">غزالي.</subfield><subfield code="t">رسالة في تحقيق كلمة التوحيد.</subfield></datafield><datafield tag="880" ind1="3" ind2=" "><subfield code="6">246-05/</subfield><subfield code="a">قواعد العقائد</subfield></datafield><datafield tag="880" ind1="1" ind2="2"><subfield code="6">245-03/</subfield><subfield code="a">[الرسالة القدسية في العقائد ... الخ,</subfield><subfield code="f">القرن 17 او 18م].</subfield></datafield><datafield tag="880" ind1="0" ind2=" "><subfield code="6">100-01/</subfield><subfield code="a">غزالي.</subfield></datafield><datafield tag="CID" ind1=" " ind2=" "><subfield code="a">006835205</subfield></datafield><datafield tag="DAT" ind1="0" ind2=" "><subfield code="a">20190719102641.0</subfield><subfield code="b">20190719000000.0</subfield></datafield><datafield tag="DAT" ind1="1" ind2=" "><subfield code="a">20190719090653.0</subfield><subfield code="b">2019-07-19T16:12:32Z</subfield></datafield><datafield tag="DAT" ind1="2" ind2=" "><subfield code="a">2015-10-02T18:00:03Z</subfield></datafield><datafield tag="CAT" ind1=" " ind2=" "><subfield code="a">SDR-MIU</subfield><subfield code="d">EX LIBRIS - ALEPH</subfield><subfield code="l">prepare.pl-004-008</subfield></datafield><datafield tag="FMT" ind1=" " ind2=" "><subfield code="a">BK</subfield></datafield><datafield tag="HOL" ind1=" " ind2=" "><subfield code="0">sdr-miu006835205</subfield><subfield code="a">MiU</subfield><subfield code="b">SDR</subfield><subfield code="c">MIU</subfield><subfield code="p">mdp.39015079132190</subfield><subfield code="s">MIU</subfield><subfield code="1">006835205</subfield></datafield><datafield tag="974" ind1=" " ind2=" "><subfield code="b">MIU</subfield><subfield code="c">MIU</subfield><subfield code="d">20190719</subfield><subfield code="s">lit-dlps-dc</subfield><subfield code="u">mdp.39015079132190</subfield><subfield code="y">1799</subfield><subfield code="r">pd</subfield><subfield code="q">bib</subfield><subfield code="t">non-US bib date2 &lt; 1896</subfield></datafield></record></collection>